@article{Miller2021WordsSpeciesKinds,
  author       = {J. T. M. Miller},
  title        = {Words, Species, and Kinds},
  journal      = {Metaphysics},
  year         = {2021},
  volume       = {4},
  number       = {1},
  pages        = {18--31},
  doi          = {10.5334/met.70}
}

@article{Ekstrom2025PhonemeTool,
  author       = {Axel G. Ekstr{\"o}m and Claudio Tennie and Steven Moran and Caleb Everett},
  title        = {The Phoneme as a Cognitive Tool},
  journal      = {Topics in Cognitive Science},
  year         = {2025},
  doi          = {10.1111/tops.70021},
  note         = {Advance online publication}
}

@incollection{Boyd1988MoralRealist,
  author    = {Boyd, Richard N.},
  year      = {1988},
  title     = {How to Be a Moral Realist},
  editor    = {Sayre{-}McCord, Geoffrey},
  booktitle = {Essays on Moral Realism},
  pages     = {181--228},
  address   = {Ithaca, NY},
  publisher = {Cornell University Press}
}

@article{Boyd1991Enthusiasm,
  author  = {Boyd, Richard N.},
  year    = {1991},
  title   = {Realism, Anti{-}Foundationalism and the Enthusiasm for Natural Kinds},
  journal = {Philosophical Studies},
  volume  = {61},
  number  = {1},
  pages   = {127--148},
  doi     = {10.1007/BF00385837}
}

@incollection{Boyd1999Homeostasis,
  author    = {Boyd, Richard N.},
  year      = {1999},
  title     = {Homeostasis, Species, and Higher Taxa},
  editor    = {Wilson, Robert A.},
  booktitle = {Species: New Interdisciplinary Essays},
  pages     = {141--186},
  address   = {Cambridge, MA},
  publisher = {MIT Press}
}

@incollection{Boyd2000Workmanship,
  author    = {Boyd, Richard N.},
  year      = {2000},
  title     = {Kinds as the ``Workmanship of Men'': Realism, Constructivism, and Natural Kinds},
  editor    = {Nida{-}R{\"u}melin, Julian},
  booktitle = {Rationalit{\"a}t, Realismus, Revision / Rationality, Realism, Revision: Proceedings of the 3rd International Congress of the Gesellschaft f{\"u}r Analytische Philosophie},
  pages     = {52--89},
  address   = {Berlin},
  publisher = {De Gruyter},
  doi       = {10.1515/9783110805703.52}
}

@misc{MoranEtAl2019PHOIBLE,
  editor       = {Moran, Steven and McCloy, Daniel and Wright, Richard},
  title        = {PHOIBLE 2.0},
  year         = {2019},
  address      = {Jena},
  publisher    = {Max Planck Institute for the Science of Human History},
  howpublished = {\url{https://phoible.org}},
  note         = {Accessed 2025-09-01}
}

@article{Stevens1989Quantal,
  author  = {Stevens, Kenneth N.},
  year    = {1989},
  title   = {On the quantal nature of speech},
  journal = {Journal of Phonetics},
  volume  = {17},
  pages   = {3--45}
}

@article{LiljencrantsLindblom1972,
  author  = {Liljencrants, Johan and Lindblom, Bj\"orn},
  year    = {1972},
  title   = {Numerical simulation of vowel quality systems: The role of perceptual contrast},
  journal = {Language},
  volume  = {48},
  number  = {4},
  pages   = {839--862},
  doi     = {10.2307/411991}
}

@incollection{Lindblom1990HandH,
  author    = {Lindblom, Bj\"orn},
  year      = {1990},
  title     = {Explaining phonetic variation: A sketch of the H\&H theory},
  editor    = {Hardcastle, William J. and Marchal, Alain},
  booktitle = {Speech Production and Speech Modelling},
  pages     = {403--439},
  address   = {Dordrecht},
  publisher = {Kluwer}
}

